@Book{knuth:84,
  author = 	 {Donald E. Knuth},
  title = 	 {The {\TeX} Book},
  publisher = 	 {Addison-Wesley},
  year = 	 {1984},
  edition = 	 {15th}
}

@InCollection{boulic:91,
  author = 	 {R. Boulic and O. Renault},
  title = 	 {3D Hierarchies for Animation},
  booktitle = 	 {New Trends in Animation and Visualization},
  publisher =    {John Wiley {\&} Sons ltd.},
  year = 	 {1991},
  editor = 	 {Nadia Magnenat-Thalmann and Daniel Thalmann}
}

@InCollection{smith:99,
  author = 	 {A. Smith and B. Jones},
  title = 	 {On the Complexity of Computing},
  booktitle = 	 {Advances in Computer Science},
  pages = 	 {555--566},
  publisher =    {Publishing Press},
  year = 	 {1999},
  editor = 	 {A. B. Smith-Jones}
}

@article{articleMiningGit,
author = {Bird, Christian and C. Rigby, Peter and Barr, Earl and Hamilton, David and M. German, Daniel and Devanbu, Premkumar},
year = {2009},
month = {05},
pages = {1-10},
title = {The Promises and Perils of Mining Git},
volume = {0},
isbn = {978-1-4244-3493-0},
journal = {Mining Software Repositories, International Workshop on},
doi = {10.1109/MSR.2009.5069475}
}

@article{articleSQALE,
author = {Letouzey, Jean-Louis},
year = {2012},
month = {06},
pages = {},
title = {The SQALE method for evaluating Technical Debt},
doi = {10.1109/MTD.2012.6225997}
}

@image{
CommentExample,
link = {https://delightlylinux.files.wordpress.com/2015/05/gcc06.png}
}

@book{ cleanCode,
author = {Martin, Robert C.},
year = {2009},
pages = {}, 
title = {Clean Code: a handbook of agile software craftsmanship}
}

@inproceedings{ articleMiningComments,
author = {Grijó, Lucas and Hora, André},
year = {2017},
title = {Minerando Codigo Comentado},
booktitle = {6th Brazilian Workshop on Software Visualization, Evolution and Maintenance},
pages = {1-7},
publisher = {VEM}
}

@book{crimeScene,
author = {Adam Tornhill},
year = {2015},
pages = {}, 
title = {Your Code as Crime Scene: Use Forensic Techniques to Arrest Defects, Bottlenecks, and Bad Design in Your Programs}
}

@book{patternClassification,
author = {Richard O. Duda and Peter E. Hart and David G. Stork},
year = {2015},
title = {Pattern Classification},
}

@article{gers1999learning,
  title={Learning to forget: Continual prediction with LSTM},
  author={Gers, Felix A and Schmidhuber, J{\"u}rgen and Cummins, Fred},
  year={1999},
  publisher={IET}
}
@book{zurada1992introduction,
  title={Introduction to artificial neural systems},
  author={Zurada, Jacek M},
  volume={8},
  year={1992},
  publisher={West publishing company St. Paul}
}

@article{powers2011evaluation,
  title={Evaluation: from precision, recall and F-measure to ROC, informedness, markedness and correlation},
  author={Powers, David Martin},
  year={2011},
  publisher={Bioinfo Publications}
}
@inproceedings{mikolov2013distributed,
  title={Distributed representations of words and phrases and their compositionality},
  author={Mikolov, Tomas and Sutskever, Ilya and Chen, Kai and Corrado, Greg S and Dean, Jeff},
  booktitle={Advances in neural information processing systems},
  pages={3111--3119},
  year={2013}
}
@inproceedings{hamerly2004learning,
  title={Learning the k in k-means},
  author={Hamerly, Greg and Elkan, Charles},
  booktitle={Advances in neural information processing systems},
  pages={281--288},
  year={2004}
}
