@article{articleMiningGit,
author = {Bird, Christian and C. Rigby, Peter and Barr, Earl and Hamilton, David and M. German, Daniel and Devanbu, Premkumar},
year = {2009},
month = {05},
pages = {1-10},
title = {The Promises and Perils of Mining Git},
volume = {0},
isbn = {978-1-4244-3493-0},
journal = {Mining Software Repositories, International Workshop on},
doi = {10.1109/MSR.2009.5069475}
}

@article{articleSQALE,
author = {Letouzey, Jean-Louis},
year = {2012},
month = {06},
pages = {},
title = {The SQALE method for evaluating Technical Debt},
doi = {10.1109/MTD.2012.6225997}
}

@image{
CommentExample,
link = {https://delightlylinux.files.wordpress.com/2015/05/gcc06.png}
}

@book{ cleanCode,
author = {Martin, Robert C.},
year = {2009},
pages = {}, 
title = {Clean Code: a handbook of agile software craftsmanship}
}

@article{ articleMiningComments,
author = {Grijó, Lucas e Hora, André},
year = {2017},
title = {Minerando Codigo Comentado},

}

@book{crimeScene,
author = {Adam Tornhill},
year = {2015},
pages = {}, 
title = {Your Code as Crime Scene: Use Forensic Techniques to Arrest Defects, Bottlenecks, and Bad Design in Your Programs}
}

@book{patternClassification,
author = {Richard O. Duda, Peter E. Hart and David G. Stork},
year = {2015},
title = {Pattern Classification}
}